@article{Adenita,
  title     = {Adenita: Interactive 3D modeling and visualization of DNA Nanostructures},
  author    = {de Llano, Elisa and Miao, Haichao and Ahmadi, Yasaman and Wilson, Amanda J. and Beeby, Morgan and Viola, Ivan and Barisic, Ivan},
  journal   = {bioRxiv},
  pages     = {849976},
  year      = {2019},
  publisher = {Cold Spring Harbor Laboratory}
}

@article{ahnert2010self,
  title     = {Self-assembly, modularity, and physical complexity},
  author    = {Ahnert, SE and Johnston, IG and Fink, TMA and Doye, JPK and Louis, AA},
  journal   = {Physical Review E},
  volume    = {82},
  number    = {2},
  pages     = {026117},
  year      = {2010},
  publisher = {APS}
}

@article{AMBERcornell1996second,
  title     = {A second generation force field for the simulation of proteins, nucleic acids, and organic molecules J. Am. Chem. Soc. 1995, 117, 5179- 5197},
  author    = {Cornell, Wendy D and Cieplak, Piotr and Bayly, Christopher I and Gould, Ian R and Merz, Kenneth M and Ferguson, David M and Spellmeyer, David C and Fox, Thomas and Caldwell, James W and Kollman, Peter A},
  journal   = {Journal of the American Chemical Society},
  volume    = {118},
  number    = {9},
  pages     = {2309--2309},
  year      = {1996},
  publisher = {ACS Publications}
}

@article{Baker2018,
  author   = {Baker, Matthew A.B. and Tuckwell, Andrew J. and Berengut, Jonathan F. and Bath, Jonathan and Benn, Florence and Duff, Anthony P. and Whitten, Andrew E. and Dunn, Katherine E. and Hynson, Robert M. and Turberfield, Andrew J. and Lee, Lawrence K.},
  doi      = {10.1021/acsnano.8b01669},
  issn     = {1936086X},
  journal  = {ACS Nano},
  keywords = {DNA nanotechnology,DNA origami,DNA self-assembly,gold nanoparticles,small-angle X-ray scattering},
  number   = {6},
  pages    = {5791--5799},
  title    = {{Dimensions and Global Twist of Single-Layer DNA Origami Measured by Small-Angle X-ray Scattering}},
  volume   = {12},
  year     = {2018}
}

@misc{baraff1997introduction,
  title   = {An introduction to physically based modeling: Rigid Body Simulation {I} — Unconstrained Rigid Body Dynamics},
  author  = {Baraff, David},
  journal = {SIGGRAPH Course Notes},
  year    = {1997}
}

@article{benson2016computer,
  title     = {Computer-Aided Production of Scaffolded DNA Nanostructures from Flat Sheet Meshes},
  author    = {Benson, Erik and Mohammed, Abdulmelik and Bosco, Alessandro and Teixeira, Ana I and Orponen, Pekka and H{\"o}gberg, Bj{\"o}rn},
  journal   = {Angewandte Chemie International Edition},
  volume    = {55},
  number    = {31},
  pages     = {8869--8872},
  year      = {2016},
  publisher = {Wiley Online Library}
}

@article{Berendsen1995,
  author   = {Berendsen, H. J.C. and van der Spoel, D. and van Drunen, R.},
  doi      = {10.1016/0010-4655(95)00042-E},
  issn     = {00104655},
  journal  = {Computer Physics Communications},
  keywords = {Molecular dynamics,Parallel computing},
  number   = {1-3},
  pages    = {43--56},
  title    = {{GROMACS: A message-passing parallel molecular dynamics implementation}},
  volume   = {91},
  year     = {1995}
}

@article{biopython,
  archiveprefix = {arXiv},
  arxivid       = {arXiv:1011.1669v3},
  author        = {Cock, Peter J.A. and Antao, Tiago and Chang, Jeffrey T. and Chapman, Brad A. and Cox, Cymon J. and Dalke, Andrew and Friedberg, Iddo and Hamelryck, Thomas and Kauff, Frank and Wilczynski, Bartek and {De Hoon}, Michiel J.L.},
  doi           = {10.1093/bioinformatics/btp163},
  eprint        = {arXiv:1011.1669v3},
  isbn          = {1367-4811 (Electronic)$\backslash$r1367-4803 (Linking)},
  issn          = {13674803},
  journal       = {Bioinformatics},
  number        = {11},
  pages         = {1422--1423},
  pmid          = {19304878},
  title         = {{Biopython: Freely available Python tools for computational molecular biology and bioinformatics}},
  volume        = {25},
  year          = {2009}
}

@article{borg2003modern,
  title     = {Modern multidimensional scaling: Theory and applications},
  author    = {Borg, Ingwer and Groenen, Patrick},
  journal   = {Journal of Educational Measurement},
  volume    = {40},
  number    = {3},
  pages     = {277--280},
  year      = {2003},
  publisher = {Wiley Online Library}
}

@article{Bottaro2014,
  archiveprefix = {arXiv},
  arxivid       = {1410.1271},
  author        = {Bottaro, Sandro and {Di Palma}, Francesco and Bussi, Giovanni},
  doi           = {10.1093/nar/gku972},
  eprint        = {1410.1271},
  isbn          = {0305-1048, 1362-4962},
  issn          = {13624962},
  journal       = {Nucleic Acids Research},
  number        = {21},
  pages         = {13306--13314},
  pmid          = {25355509},
  title         = {{The role of nucleobase interactions in RNA structure and dynamics}},
  volume        = {42},
  year          = {2014}
}



@article{brooks1983charmm,
  title     = {CHARMM: a program for macromolecular energy, minimization, and dynamics calculations},
  author    = {Brooks, Bernard R and Bruccoleri, Robert E and Olafson, Barry D and States, David J and Swaminathan, S a and Karplus, Martin},
  journal   = {Journal of computational chemistry},
  volume    = {4},
  number    = {2},
  pages     = {187--217},
  year      = {1983},
  publisher = {Wiley Online Library}
}
}
  
@article{cadnano,
  author  = {Douglas, Shawn M. and Marblestone, Adam H. and Teerapittayanon, Surat and Vazquez, Alejandro and Church, George M. and Shih, William M.},
  doi     = {10.1093/nar/gkp436},
  issn    = {03051048},
  journal = {Nucleic Acids Research},
  number  = {15},
  pages   = {5001--5006},
  title   = {{Rapid prototyping of 3D DNA-origami shapes with caDNAno}},
  volume  = {37},
  year    = {2009}
} 

@online{cadnanoInstall,
  author  = {Conway, Nick and Douglas, Shawn},
  title   = {{Windows Installation - caDNAno}},
  url     = {https://cadnano.org/windows-installation.html},
  urldate = {2021-08-20}
}

@article{castro2011primer,
  title     = {A primer to scaffolded DNA origami},
  author    = {Castro, Carlos Ernesto and Kilchherr, Fabian and Kim, Do-Nyun and Shiao, Enrique Lin and Wauer, Tobias and Wortmann, Philipp and Bathe, Mark and Dietz, Hendrik},
  journal   = {Nature methods},
  volume    = {8},
  number    = {3},
  pages     = {221},
  year      = {2011},
  publisher = {Nature Publishing Group}
}

@article{chopra2019out,
  title     = {Out-of-Plane Aptamer Functionalization of RNA Three-Helix Tiles},
  author    = {Chopra, Aradhana and Sagredo, Sandra and Grossi, Guido and Andersen, Ebbe S and Simmel, Friedrich C},
  journal   = {Nanomaterials},
  volume    = {9},
  number    = {4},
  pages     = {507},
  year      = {2019},
  publisher = {Multidisciplinary Digital Publishing Institute}
}

@article{daedalus,
  author    = {Veneziano, R{\'{e}}mi and Ratanalert, Sakul and Zhang, Kaiming and Zhang, Fei and Yan, Hao and Chiu, Wah and Bathe, Mark},
  doi       = {10.1126/science.aaf4388},
  issn      = {0036-8075},
  journal   = {Science},
  number    = {6293},
  pages     = {1534},
  publisher = {American Association for the Advancement of Science},
  title     = {{Designer nanoscale DNA assemblies programmed from the top down}},
  url       = {https://science.sciencemag.org/content/352/6293/1534},
  volume    = {352},
  year      = {2016}
}
  } 

@article{David2014,
  author   = {David, Charles C. and Jacobs, Donald J.},
  doi      = {10.1007/978-1-62703-658-0},
  isbn     = {978-1-62703-657-3},
  journal  = {Methods in Molecular Biology},
  keywords = {collective motions,conformational ensemble,conformational sampling,dynamics simulation,elastic,essential dynamics,geometric simulation,independent component analysis,kernel pca,molecular,pca,principal component analysis,protein dynamics,subspace analysis},
  pages    = {193--226},
  title    = {{Principal Component Analysis: A Method for Determining the Essential Dynamics of Proteins}},
  url      = {http://link.springer.com/10.1007/978-1-62703-658-0},
  volume   = {1084},
  year     = {2014}
}

@article{Dietz2009,
  author          = {Dietz, Hendrik and Douglas, Shawn M. and Shih, William M.},
  doi             = {doi:10.1126/science.1174251},
  journal         = {Science},
  mendeley-groups = {DNA structures},
  number          = {5941},
  pages           = {725--730},
  title           = {{Folding DNA into Twisted and Curved Nanoscale Shapes Hendrik}},
  url             = {https://www.ncbi.nlm.nih.gov/pmc/articles/PMC3624763/pdf/nihms412728.pdf},
  volume          = {325},
  year            = {2009}
}

@article{dingle2018input,
  title     = {Input--output maps are strongly biased towards simple outputs},
  author    = {Dingle, Kamaludin and Camargo, Chico Q and Louis, Ard A},
  journal   = {Nature communications},
  volume    = {9},
  number    = {1},
  pages     = {761},
  year      = {2018},
  publisher = {Nature Publishing Group}
}

@article{dingle2020generic,
  title     = {Generic predictions of output probability based on complexities of inputs and outputs},
  author    = {Dingle, Kamaludin and P{\'e}rez, Guillermo Valle and Louis, Ard A},
  journal   = {Scientific reports},
  volume    = {10},
  number    = {1},
  pages     = {1--9},
  year      = {2020},
  publisher = {Nature Publishing Group}
}

@misc{dnaroboticsESR12,
  title     = {UOXF: Modular assembly of integrated nanorobotic systems},
  author    = {{The DNA-Robotics Innovative Training Network}},
  url       = {https://dna-robotics.eu/job-positions/uoxf-modular-assembly-of-integrated-nanorobotic-systems/},
  journal   = {DNA-Based Modular Robotics},
  publisher = {European Commission’s Marie Skłodowska-Curie actions H2020},
  year      = {2017},
  month     = {Dec}
}

@misc{dnaroboticsResearch,
  title     = {Research - DNA-Robotics},
  author    = {{The DNA-Robotics Innovative Training Network}},
  url       = {https://dna-robotics.eu/research/},
  journal   = {DNA-Based Modular Robotics},
  publisher = {European Commission’s Marie Skłodowska-Curie actions H2020},
  year      = {2017},
  month     = {Nov}
}

@article{douglas2009rapid,
  title     = {Rapid prototyping of 3D DNA-origami shapes with caDNAno},
  author    = {Douglas, Shawn M and Marblestone, Adam H and Teerapittayanon, Surat and Vazquez, Alejandro and Church, George M and Shih, William M},
  journal   = {Nucleic acids research},
  volume    = {37},
  number    = {15},
  pages     = {5001--5006},
  year      = {2009},
  publisher = {Oxford University Press}
}

@article{douglas2009self,
  title     = {Self-assembly of DNA into nanoscale three-dimensional shapes},
  author    = {Douglas, Shawn M. and Dietz, Hendrik and Liedl, Tim and H{\"o}gberg, Bj{\"o}rn and Graf, Franziska and Shih, William M},
  journal   = {Nature},
  volume    = {459},
  number    = {7245},
  pages     = {414},
  year      = {2009},
  publisher = {Nature Publishing Group}
}

@article{engel2018force,
  title     = {Force-induced unravelling of DNA origami},
  author    = {Engel, Megan C. and Smith, David M. and Jobst, Markus A. and Sajfutdinow, Martin and Liedl, Tim and Romano, Flavio and Rovigatti, Lorenzo and Louis, Ard A. and Doye, Jonathan P.K.},
  journal   = {ACS nano},
  volume    = {12},
  number    = {7},
  pages     = {6734--6747},
  year      = {2018},
  publisher = {ACS Publications}
}

@inproceedings{ester1996density,
  title     = {A density-based algorithm for discovering clusters in large spatial databases with noise.},
  author    = {Ester, Martin and Kriegel, Hans-Peter and Sander, J{\"o}rg and Xu, Xiaowei and others},
  booktitle = {Kdd},
  volume    = {96},
  number    = {34},
  pages     = {226--231},
  year      = {1996}
}

@article{Fonseca2018,
  archiveprefix = {arXiv},
  arxivid       = {1712.02161},
  author        = {Fonseca, Pedro and Romano, Flavio and Schreck, John S. and Ouldridge, Thomas E. and Doye, Jonathan P. K. and Louis, Ard A.},
  doi           = {10.1063/1.5019344},
  eprint        = {1712.02161},
  issn          = {00219606},
  journal       = {Journal of Chemical Physics},
  number        = {13},
  title         = {{Multi-scale coarse-graining for the study of assembly pathways in DNA-brick self-assembly}},
  volume        = {148},
  year          = {2018}
}

@article{geary2014single,
  title     = {A single-stranded architecture for cotranscriptional folding of RNA nanostructures},
  author    = {Geary, Cody and Rothemund, Paul WK and Andersen, Ebbe S},
  journal   = {Science},
  volume    = {345},
  number    = {6198},
  pages     = {799--804},
  year      = {2014},
  publisher = {American Association for the Advancement of Science}
}

@article{gerling2015dynamic,
  title     = {Dynamic DNA devices and assemblies formed by shape-complementary, non--base pairing 3D components},
  author    = {Gerling, Thomas and Wagenbauer, Klaus F and Neuner, Andrea M and Dietz, Hendrik},
  journal   = {Science},
  volume    = {347},
  number    = {6229},
  pages     = {1446--1452},
  year      = {2015},
  publisher = {American Association for the Advancement of Science}
}

@article{goodman2005rapid,
  title     = {Rapid chiral assembly of rigid DNA building blocks for molecular nanofabrication},
  author    = {Goodman, Russell P and Schaap, Iwan AT and Tardin, Catherine F and Erben, Christoph M and Berry, Richard M and Schmidt, Christoph F and Turberfield, Andrew J},
  journal   = {Science},
  volume    = {310},
  number    = {5754},
  pages     = {1661--1665},
  year      = {2005},
  publisher = {American Association for the Advancement of Science}
}

@article{gopinath2016engineering,
  title     = {Engineering and mapping nanocavity emission via precision placement of DNA origami},
  author    = {Gopinath, Ashwin and Miyazono, Evan and Faraon, Andrei and Rothemund, Paul W.K.},
  journal   = {Nature},
  volume    = {535},
  number    = {7612},
  pages     = {401},
  year      = {2016},
  publisher = {Nature Publishing Group}
}

@article{guo2010emerging,
  title     = {The emerging field of RNA nanotechnology},
  author    = {Guo, Peixuan},
  journal   = {Nature nanotechnology},
  volume    = {5},
  number    = {12},
  pages     = {833},
  year      = {2010},
  publisher = {Nature Publishing Group}
}

@article{han2010moebius,
  title     = {Folding and cutting DNA into reconfigurable topological nanostructures},
  author    = {Han, Dongran and Pal, Suchetan and Liu, Yan and Yan, Hao},
  journal   = {Nature nanotechnology},
  volume    = {5},
  number    = {10},
  pages     = {712},
  year      = {2010},
  publisher = {Nature Publishing Group}
}

@article{Han2017,
  author  = {Han, Dongran and Qi, Xiaodong and Myhrvold, Cameron and Wang, Bei and Dai, Mingjie and Jiang, Shuoxing and Bates, Maxwell and Liu, Yan and An, Byoungkwon and Zhang, Fei and Yan, Hao and Yin, Peng},
  doi     = {10.1126/science.aao2648},
  issn    = {10959203},
  journal = {Science},
  number  = {6369},
  title   = {{Single-stranded DNA and RNA origami}},
  volume  = {358},
  year    = {2017}
}

@article{han2017single,
  title     = {Single-stranded DNA and RNA origami},
  author    = {Han, Dongran and Qi, Xiaodong and Myhrvold, Cameron and Wang, Bei and Dai, Mingjie and Jiang, Shuoxing and Bates, Maxwell and Liu, Yan and An, Byoungkwon and Zhang, Fei and others},
  journal   = {Science},
  volume    = {358},
  number    = {6369},
  pages     = {eaao2648},
  year      = {2017},
  publisher = {American Association for the Advancement of Science}
}

@article{Hinckley2013,
  author  = {Hinckley, Daniel M. and Freeman, Gordon S. and Whitmer, Jonathan K. and {De Pablo}, Juan J.},
  doi     = {10.1063/1.4822042},
  issn    = {00219606},
  journal = {Journal of Chemical Physics},
  number  = {14},
  pages   = {1--16},
  title   = {{An experimentally-informed coarse-grained 3-site-per-nucleotide model of DNA: Structure, thermodynamics, and dynamics of hybridization}},
  volume  = {139},
  year    = {2013}
}

@article{hong2018layered,
  title     = {Layered-crossover tiles with precisely tunable angles for 2D and 3D DNA crystal engineering},
  author    = {Hong, Fan and Jiang, Shuoxing and Lan, Xiang and Narayanan, Raghu Pradeep and Šulc, Petr and Zhang, Fei and Liu, Yan and Yan, Hao},
  journal   = {Journal of the American Chemical Society},
  volume    = {140},
  number    = {44},
  pages     = {14670--14676},
  year      = {2018},
  publisher = {ACS Publications}
}

@article{huang2019uncertainty,
  title     = {Uncertainty quantification of a DNA origami mechanism using a coarse-grained model and kinematic variance analysis},
  author    = {Huang, Chao-Min and Kucinic, Anjelica and Le, Jenny V and Castro, Carlos E and Su, Hai-Jun},
  journal   = {Nanoscale},
  volume    = {11},
  number    = {4},
  pages     = {1647--1660},
  year      = {2019},
  publisher = {Royal Society of Chemistry}
}

@article{Hunter:2007,
  author    = {Hunter, J. D.},
  title     = {Matplotlib: A 2D graphics environment},
  journal   = {Computing in Science \& Engineering},
  volume    = {9},
  number    = {3},
  pages     = {90--95},
  publisher = {IEEE COMPUTER SOC},
  doi       = {10.1109/MCSE.2007.55},
  year      = 2007
}

@article{johnston2011evolutionary,
  title     = {Evolutionary dynamics in a simple model of self-assembly},
  author    = {Johnston, Iain G and Ahnert, Sebastian E and Doye, Jonathan PK and Louis, Ard A},
  journal   = {Physical Review E},
  volume    = {83},
  number    = {6},
  pages     = {066105},
  year      = {2011},
  publisher = {APS}
}

@article{Kabsch1976,
  author          = {Kabsch, Wolfgang},
  journal         = {crystallographica Section A: Crystal Physics, Diffraction, Theoretical and General Crystallography},
  mendeley-groups = {Theory},
  pages           = {922--923},
  title           = {{A solution for the best rotation to relate two sets of vectors}},
  volume          = {32},
  year            = {1976}
}

@article{ke2012three,
  title     = {Three-dimensional structures self-assembled from DNA bricks},
  author    = {Ke, Yonggang and Ong, Luvena L and Shih, William M and Yin, Peng},
  journal   = {science},
  volume    = {338},
  number    = {6111},
  pages     = {1177--1183},
  year      = {2012},
  publisher = {American Association for the Advancement of Science}
}

@article{kim2011quantitative,
  title     = {Quantitative prediction of 3D solution shape and flexibility of nucleic acid nanostructures},
  author    = {Kim, Do-Nyun and Kilchherr, Fabian and Dietz, Hendrik and Bathe, Mark},
  journal   = {Nucleic acids research},
  volume    = {40},
  number    = {7},
  pages     = {2862--2868},
  year      = {2011},
  publisher = {Oxford University Press}
}

@article{kim2012cando,
  title     = {Quantitative prediction of 3D solution shape and flexibility of nucleic acid nanostructures},
  author    = {Kim, Do-Nyun and Kilchherr, Fabian and Dietz, Hendrik and Bathe, Mark},
  journal   = {Nucleic acids research},
  volume    = {40},
  number    = {7},
  pages     = {2862--2868},
  year      = {2012},
  publisher = {Oxford University Press}
}

@article{li2018dna,
  title     = {A DNA nanorobot functions as a cancer therapeutic in response to a molecular trigger in vivo},
  author    = {Li, Suping and Jiang, Qiao and Liu, Shaoli and Zhang, Yinlong and Tian, Yanhua and Song, Chen and Wang, Jing and Zou, Yiguo and Anderson, Gregory J. and Han, Jing-Yan and others},
  journal   = {Nature biotechnology},
  volume    = {36},
  number    = {3},
  pages     = {258},
  year      = {2018},
  publisher = {Nature Publishing Group}
}

@article{liedl2010_kite,
  title     = {Self-assembly of three-dimensional prestressed tensegrity structures from DNA},
  author    = {Liedl, Tim and H{\"o}gberg, Bj{\"o}rn and Tytell, Jessica and Ingber, Donald E and Shih, William M},
  journal   = {Nature nanotechnology},
  volume    = {5},
  number    = {7},
  pages     = {520},
  year      = {2010},
  publisher = {Nature Publishing Group}
}
@article{maffeo2016novo,
  title     = {De novo reconstruction of DNA origami structures through atomistic molecular dynamics simulation},
  author    = {Maffeo, Christopher and Yoo, Jejoong and Aksimentiev, Aleksei},
  journal   = {Nucleic acids research},
  volume    = {44},
  number    = {7},
  pages     = {3013--3019},
  year      = {2016},
  publisher = {Oxford University Press}
}

@misc{maffeo2018,
  title  = {Multi-resolution simulations of self-assembled DNA nanostructures},
  url    = {https://gitlab.engr.illinois.edu/tbgl/tutorials/multi-resolution-dna-nanotechnology/tree/master},
  year   = {2018},
  author = {Maffeo, Chris and Aksimentiev, Aleksei}
}

@article{maffeo2019mrdna,
  title   = {MrDNA: a multi-resolution model for predicting the structure and dynamics of DNA systems},
  author  = {Maffeo, Christopher and Aksimentiev, Aleksei},
  journal = {Nucleic Acids Research},
  year    = {2020}
}

@article{MagicDNA,
  author  = {Huang, Chao-Min and Kucinic, Anjelica and Johnson, Joshua and Su, Hai-Jun and Castro, Carlos E.},
  journal = {in preparation},
  title   = {{Hybrid top-down and bottom-up approach for engineering DNA assemblies}}
}

@article{mao1999designed,
  title     = {Designed two-dimensional DNA Holliday junction arrays visualized by atomic force microscopy},
  author    = {Mao, Chengde and Sun, Weiqiong and Seeman, Nadrian C},
  journal   = {Journal of the American Chemical Society},
  volume    = {121},
  number    = {23},
  pages     = {5437--5443},
  year      = {1999},
  publisher = {ACS Publications}
}

@article{Matek2013,
  author  = {Doye, Jonathan P.K. and Ouldridge, Thomas E. and Louis, Ard A. and Romano, Flavio and {\v{S}}ulc, Petr and Matek, Christian and Snodin, Benedict E. K. and Rovigatti, Lorenzo and Schreck, John S. and Harrison, Ryan M. and Smith, William P. J.},
  doi     = {10.1039/c3cp53545b},
  journal = {Physical Chemistry Chemical Physics},
  number  = {47},
  pages   = {20395--20414},
  title   = {{Coarse-graining DNA for simulations of DNA nanotechnology}},
  volume  = {15},
  year    = {2013}
}

@article{matek2015coarse,
  title     = {Coarse-grained modelling of supercoiled RNA},
  author    = {Matek, Christian and {\v{S}}ulc, Petr and Randisi, Ferdinando and Doye, Jonathan P.K. and Louis, Ard A.},
  journal   = {The Journal of chemical physics},
  volume    = {143},
  number    = {24},
  pages     = {243122},
  year      = {2015},
  publisher = {AIP Publishing}
}

@article{Matplotlib,
  author    = {Hunter, J. D.},
  title     = {Matplotlib: A 2D graphics environment},
  journal   = {Computing in Science \& Engineering},
  volume    = {9},
  number    = {3},
  pages     = {90--95},
  abstract  = {Matplotlib is a 2D graphics package used for Python for
  application development, interactive scripting, and publication-quality
  image generation across user interfaces and operating systems.},
  publisher = {IEEE COMPUTER SOC},
  doi       = {10.1109/MCSE.2007.55},
  year      = 2007
}

@article{Matthies2019,
  author   = {Matthies, Michael and Agarwal, Nayan P. and Poppleton, Erik and Joshi, Foram M. and {\v{S}}ulc, Petr and Schmidt, Thorsten L.},
  doi      = {10.1021/acsnano.8b08009},
  issn     = {1936086X},
  journal  = {ACS Nano},
  keywords = {Molecular dynamics simulations,Single-stranded tiles,Structural DNA nanotechnology,Triangulated wireframe structures},
  number   = {2},
  pages    = {1839--1848},
  title    = {{Triangulated Wireframe Structures Assembled Using Single-Stranded DNA Tiles}},
  volume   = {13},
  year     = {2019}
}


@article{May2014,
  author    = {May, Peter F.J. and Pinkney, Justin N.M. and Zawadzki, Pawel and Evans, Geraint W. and Sherratt, David J. and Kapanidis, Achillefs N.},
  doi       = {10.1016/j.bpj.2014.07.024},
  issn      = {15420086},
  journal   = {Biophysical Journal},
  number    = {5},
  pages     = {1205--1216},
  publisher = {Biophysical Society},
  title     = {{Tethered fluorophore motion: Studying large DNA conformational changes by single-fluorophore imaging}},
  url       = {http://dx.doi.org/10.1016/j.bpj.2014.07.024},
  volume    = {107},
  year      = {2014}
}

@article{miao_tvcg_2018,
  title   = {Multiscale Visualization and Scale-adaptive Modification of DNA Nanostructures},
  author  = {Haichao Miao and Elisa De Llano and Johannes Sorger and Yasaman Ahmadi and Tadija Kekic and Tobias Isenberg and Meister Eduard Groller and Ivan Barisic and Ivan Viola},
  year    = {2018},
  month   = jan,
  journal = {IEEE Transactions on Visualization and Computer Graphics},
  number  = {1},
  volume  = {24},
  url     = {https://www.cg.tuwien.ac.at/research/publications/2018/miao_tvcg_2018/}
}

@article{NAMDphillips2005scalable,
  title     = {Scalable molecular dynamics with NAMD},
  author    = {Phillips, James C and Braun, Rosemary and Wang, Wei and Gumbart, James and Tajkhorshid, Emad and Villa, Elizabeth and Chipot, Christophe and Skeel, Robert D and Kale, Laxmikant and Schulten, Klaus},
  journal   = {Journal of computational chemistry},
  volume    = {26},
  number    = {16},
  pages     = {1781--1802},
  year      = {2005},
  publisher = {Wiley Online Library}
}

@article{NumPy,
  archiveprefix = {arXiv},
  arxivid       = {1102.1523},
  author        = {{Van Der Walt}, St{\'{e}}fan and Colbert, S. Chris and Varoquaux, Ga{\"{e}}l},
  doi           = {10.1109/MCSE.2011.37},
  eprint        = {1102.1523},
  issn          = {15219615},
  journal       = {Computing in Science and Engineering},
  keywords      = {NumPy,Python,numerical computations,programming libraries,scientific programming},
  number        = {2},
  pages         = {22--30},
  title         = {{The NumPy array: A structure for efficient numerical computation}},
  volume        = {13},
  year          = {2011}
}

@article{Origami_assembly,
  author   = {Snodin, Benedict E.K. and Romano, Flavio and Rovigatti, Lorenzo and Ouldridge, Thomas E. and Louis, Ard A. and Doye, Jonathan P. K.},
  doi      = {10.1021/acsnano.5b05865},
  issn     = {1936086X},
  journal  = {ACS Nano},
  keywords = {DNA nanotechnology,DNA origami,coarse-grained modeling,self-assembly,simulation},
  number   = {2},
  pages    = {1724--1737},
  title    = {{Direct Simulation of the Self-Assembly of a Small DNA Origami}},
  volume   = {10},
  year     = {2016}
}

@article{ouldridge2010dna,
  title     = {DNA nanotweezers studied with a coarse-grained model of DNA},
  author    = {Ouldridge, Thomas E and Louis, Ard A and Doye, Jonathan PK},
  journal   = {Physical review letters},
  volume    = {104},
  number    = {17},
  pages     = {178101},
  year      = {2010},
  publisher = {APS}
}

@article{ouldridge2011structural,
  title     = {Structural, mechanical, and thermodynamic properties of a coarse-grained DNA model},
  author    = {Ouldridge, Thomas E. and Louis, Ard A. and Doye, Jonathan P.K.},
  journal   = {The Journal of chemical physics},
  volume    = {134},
  number    = {8},
  pages     = {02B627},
  year      = {2011},
  publisher = {AIP}
}

@article{Ouldridge2013,
  archiveprefix = {arXiv},
  arxivid       = {1303.3370},
  author        = {Ouldridge, Thomas E. and {\v{S}}ulc, Petr and Romano, Flavio and Doye, Jonathan P.K. and Louis, Ard A.},
  doi           = {10.1093/nar/gkt687},
  eprint        = {1303.3370},
  issn          = {03051048},
  journal       = {Nucleic Acids Research},
  number        = {19},
  pages         = {8886--8895},
  pmid          = {23935069},
  title         = {{DNA hybridization kinetics: Zippering, internal displacement and sequence dependence}},
  volume        = {41},
  year          = {2013}
}

@article{ouldridge2013dna,
  title     = {DNA hybridization kinetics: zippering, internal displacement and sequence dependence},
  author    = {Ouldridge, Thomas E. and {\v{S}}ulc, Petr and Romano, Flavio and Doye, Jonathan P.K. and Louis, Ard A.},
  journal   = {Nucleic acids research},
  volume    = {41},
  number    = {19},
  pages     = {8886--8895},
  year      = {2013},
  publisher = {Oxford University Press}
}
@article{ouldridge2013optimizing,
  title     = {Optimizing DNA nanotechnology through coarse-grained modeling: a two-footed DNA walker},
  author    = {Ouldridge, Thomas E. and Hoare, Rollo L. and Louis, Ard A. and Doye, Jonathan P.K. and Bath, Jonathan and Turberfield, Andrew J.},
  journal   = {ACS nano},
  volume    = {7},
  number    = {3},
  pages     = {2479--2490},
  year      = {2013},
  publisher = {ACS Publications}
}

@article{oxDNACUDA,
  title     = {A comparison between parallelization approaches in molecular dynamics simulations on GPUs},
  author    = {Rovigatti, Lorenzo and {\v{S}}ulc, Petr and Reguly, Istv{\'a}n Z. and Romano, Flavio},
  journal   = {Journal of computational chemistry},
  volume    = {36},
  number    = {1},
  pages     = {1--8},
  year      = {2015},
  publisher = {Wiley Online Library}
}

@article{Pathos,
  archiveprefix = {arXiv},
  arxivid       = {1202.1056},
  author        = {McKerns, Michael M. and Strand, Leif and Sullivan, Tim and Fang, Alta and Aivazis, Michael A. G.},
  eprint        = {1202.1056},
  journal       = {Proceedings of the 10th Python in Science Conference},
  pages         = {1--12},
  title         = {{Building a Framework for Predictive Science}},
  url           = {http://arxiv.org/abs/1202.1056},
  year          = {2011}
}

@article{perdix,
  title     = {Autonomously designed free-form 2D DNA origami},
  author    = {Jun, Hyungmin and Zhang, Fei and Shepherd, Tyson and Ratanalert, Sakul and Qi, Xiaodong and Yan, Hao and Bathe, Mark},
  journal   = {Science advances},
  volume    = {5},
  number    = {1},
  pages     = {eaav0655},
  year      = {2019},
  publisher = {American Association for the Advancement of Science}
}

@article{Pettersen2004,
  author   = {Pettersen, Eric F. and Goddard, Thomas D. and Huang, Conrad C. and Couch, Gregory S. and Greenblatt, Daniel M. and Meng, Elaine C. and Ferrin, Thomas E.},
  doi      = {10.1002/jcc.20084},
  issn     = {01928651},
  journal  = {Journal of Computational Chemistry},
  keywords = {Extensibility,Molecular graphics,Multiscale modeling,Sequence alignment,Visualization},
  number   = {13},
  pages    = {1605--1612},
  pmid     = {15264254},
  title    = {{UCSF Chimera - A visualization system for exploratory research and analysis}},
  volume   = {25},
  year     = {2004}
}

@article{poppleton2020design,
  title     = {Design, optimization and analysis of large DNA and RNA nanostructures through interactive visualization, editing and molecular simulation},
  author    = {Poppleton, Erik and Bohlin, Joakim and Matthies, Michael and Sharma, Shuchi and Zhang, Fei and {\v{S}}ulc, Petr},
  journal   = {Nucleic acids research},
  volume    = {48},
  number    = {12},
  pages     = {e72--e72},
  year      = {2020},
  publisher = {Oxford University Press}
}

@article{procyk2021coarse,
  title     = {Coarse-grained nucleic acid--protein model for hybrid nanotechnology},
  author    = {Procyk, Jonah and Poppleton, Erik and {\v{S}}ulc, Petr},
  journal   = {Soft Matter},
  volume    = {17},
  number    = {13},
  pages     = {3586--3593},
  year      = {2021},
  publisher = {Royal Society of Chemistry}
}

@article{qi2018programming,
  title     = {Programming molecular topologies from single-stranded nucleic acids},
  author    = {Qi, Xiaodong and Zhang, Fei and Su, Zhaoming and Jiang, Shuoxing and Han, Dongran and Ding, Baoquan and Liu, Yan and Chiu, Wah and Yin, Peng and Yan, Hao},
  journal   = {Nature communications},
  volume    = {9},
  number    = {1},
  pages     = {1--9},
  year      = {2018},
  publisher = {Nature Publishing Group}
}

@article{reinhardt2014numerical,
  title     = {Numerical evidence for nucleated self-assembly of DNA brick structures},
  author    = {Reinhardt, Aleks and Frenkel, Daan},
  journal   = {Physical review letters},
  volume    = {112},
  number    = {23},
  pages     = {238103},
  year      = {2014},
  publisher = {APS}
}
@article{romano2020designing,
  title     = {Designing patchy interactions to self-assemble arbitrary structures},
  author    = {Romano, Flavio and Russo, John and Kroc, Luk{\'a}{\v{s}} and {\v{S}}ulc, Petr},
  journal   = {Physical Review Letters},
  volume    = {125},
  number    = {11},
  pages     = {118003},
  year      = {2020},
  publisher = {APS}
}

@article{rothemund2004algorithmic,
  title     = {Algorithmic self-assembly of DNA Sierpinski triangles},
  author    = {Rothemund, Paul WK and Papadakis, Nick and Winfree, Erik},
  journal   = {PLoS biology},
  volume    = {2},
  number    = {12},
  pages     = {e424},
  year      = {2004},
  publisher = {Public Library of Science}
}

@article{rothemund2006folding,
  title     = {Folding DNA to create nanoscale shapes and patterns},
  author    = {Rothemund, Paul WK},
  journal   = {Nature},
  volume    = {440},
  number    = {7082},
  pages     = {297},
  year      = {2006},
  publisher = {Nature Publishing Group}
}

@article{russo2009reversible,
  title     = {Reversible gels of patchy particles: role of the valence},
  author    = {Russo, John and Tartaglia, Piero and Sciortino, Francesco},
  journal   = {The Journal of chemical physics},
  volume    = {131},
  number    = {1},
  pages     = {014504},
  year      = {2009},
  publisher = {AIP}
}

@inproceedings{scadnano,
  title     = {scadnano: A browser-based, scriptable tool for designing {DNA} nanostructures},
  author    = {David Doty and Benjamin L Lee and Tristan Stérin},
  booktitle = {DNA 2020: Proceedings of the 26th International Meeting on DNA Computing and Molecular Programming},
  year      = {2020},
  pages     = {9:1--9:17},
  series    = {Leibniz International Proceedings in Informatics (LIPIcs)},
  isbn      = {978-3-95977-163-4},
  issn      = {1868-8969},
  volume    = {174},
  editor    = {Cody Geary and Matthew J. Patitz},
  publisher = {Schloss Dagstuhl--Leibniz-Zentrum f{\"u}r Informatik},
  address   = {Dagstuhl, Germany},
  url       = {https://drops.dagstuhl.de/opus/volltexte/2020/12962},
  doi       = {10.4230/LIPIcs.DNA.2020.9}
}

@article{Schickinger2018,
  archiveprefix = {arXiv},
  arxivid       = {arXiv:1408.1149},
  author        = {Schickinger, Matthias and Zacharias, Martin and Dietz, Hendrik},
  doi           = {10.1073/pnas.1800585115},
  eprint        = {arXiv:1408.1149},
  isbn          = {0891243208},
  issn          = {0027-8424},
  journal       = {Proceedings of the National Academy of Sciences},
  number        = {39},
  pages         = {201800585},
  pmid          = {30037988},
  title         = {{Tethered multifluorophore motion reveals equilibrium transition kinetics of single DNA double helices}},
  url           = {http://www.pnas.org/lookup/doi/10.1073/pnas.1800585115},
  volume        = {115},
  year          = {2018}
}

@article{Schomaker1959,
  author  = {Schomaker, V. and Waser, J. and Marsh, R. E. and Bergman, G.},
  doi     = {10.1107/s0365110x59001748},
  issn    = {0365-110X},
  journal = {Acta Crystallographica},
  number  = {8},
  pages   = {600--604},
  title   = {{To fit a plane or a line to a set of points by least squares}},
  volume  = {12},
  year    = {1959}
}

@article{Schreck2015,
  author  = {Schreck, John S. and Ouldridge, Thomas E. and Romano, Flavio and {\v{S}}ulc, Petr and Shaw, Liam P. and Louis, Ard A. and Doye, Jonathan P. K.},
  doi     = {10.1093/nar/gkv582},
  issn    = {13624962},
  journal = {Nucleic Acids Research},
  number  = {13},
  pages   = {6181--6190},
  title   = {{DNA hairpins destabilize duplexes primarily by promoting melting rather than by inhibiting hybridization}},
  volume  = {43},
  year    = {2015}
}

@article{scikit,
  archiveprefix = {arXiv},
  arxivid       = {1201.0490},
  author        = {Pedregosa, Fabian and Weiss, Ron and Brucher, Matthieu},
  doi           = {10.1007/s13398-014-0173-7.2},
  eprint        = {1201.0490},
  isbn          = {1532-4435},
  issn          = {15324435},
  journal       = {Journal of Machine Learning Research},
  pages         = {2825--2830},
  pmid          = {1000044560},
  title         = {{Scikit-learn: Machine Learning in Python}},
  volume        = {12},
  year          = {2011}
}

@article{Seeman1982,
  author  = {Seeman, Nadrian C},
  journal = {Journal of Theoretical Biology},
  pages   = {237--247},
  title   = {{Nucleic Acid Junctions and Lattices}},
  volume  = {99},
  year    = {1982}
}

@article{seeman1982nucleic,
  title     = {Nucleic acid junctions and lattices},
  author    = {Seeman, Nadrian C},
  journal   = {Journal of theoretical biology},
  volume    = {99},
  number    = {2},
  pages     = {237--247},
  year      = {1982},
  publisher = {Elsevier}
}


@article{sengar2021primer,
  title   = {A primer on the oxDNA model of DNA: When to use it, how to simulate it and how to interpret the results},
  author  = {Sengar, Aditya and Ouldridge, Thomas E and Henrich, Oliver and Rovigatti, Lorenzo and Sulc, Petr},
  journal = {arXiv preprint arXiv:2104.11567},
  year    = {2021}
}

@article{sharma2017characterizing,
  title     = {Characterizing the motion of jointed DNA nanostructures using a coarse-grained model},
  author    = {Sharma, Rahul and Schreck, John S and Romano, Flavio and Louis, Ard A and Doye, Jonathan PK},
  journal   = {ACS nano},
  volume    = {11},
  number    = {12},
  pages     = {12426--12435},
  year      = {2017},
  publisher = {ACS Publications}
}

@article{Snodin2015,
  archiveprefix = {arXiv},
  arxivid       = {1504.00821},
  author        = {Snodin, Benedict E.K. and Randisi, Ferdinando and Mosayebi, Majid and {\v{S}}ulc, Petr and Schreck, John S. and Romano, Flavio and Ouldridge, Thomas E. and Tsukanov, Roman and Nir, Eyal and Louis, Ard A. and Doye, Jonathan P.K.},
  doi           = {10.1063/1.4921957},
  eprint        = {1504.00821},
  isbn          = {1520-4995 (Electronic)$\backslash$r0006-2960 (Linking)},
  issn          = {00219606},
  journal       = {Journal of Chemical Physics},
  number        = {23},
  pmid          = {26093573},
  title         = {{Introducing improved structural properties and salt dependence into a coarse-grained model of DNA}},
  volume        = {142},
  year          = {2015}
}
@article{snodin2015introducing,
  title     = {Introducing improved structural properties and salt dependence into a coarse-grained model of DNA},
  author    = {Snodin, Benedict E.K. and Randisi, Ferdinando and Mosayebi, Majid and {\v{S}}ulc, Petr and Schreck, John S. and Romano, Flavio and Ouldridge, Thomas E. and Tsukanov, Roman and Nir, Eyal and Louis, Ard A. and others},
  journal   = {The Journal of chemical physics},
  volume    = {142},
  number    = {23},
  pages     = {06B613\_1},
  year      = {2015},
  publisher = {AIP Publishing LLC}
}

@article{snodin2016direct,
  title     = {Direct simulation of the self-assembly of a small DNA origami},
  author    = {Snodin, Benedict EK and Romano, Flavio and Rovigatti, Lorenzo and Ouldridge, Thomas E and Louis, Ard A and Doye, Jonathan P.K.},
  journal   = {ACS nano},
  volume    = {10},
  number    = {2},
  pages     = {1724--1737},
  year      = {2016},
  publisher = {ACS Publications}
}

@article{Snodin2019,
  archiveprefix = {arXiv},
  arxivid       = {1809.08430},
  author        = {Snodin, Benedict E.K. and Schreck, John S. and Romano, Flavio and Louis, Ard A. and Doye, Jonathan P.K.},
  doi           = {10.1093/nar/gky1304},
  eprint        = {1809.08430},
  issn          = {13624962},
  journal       = {Nucleic Acids Research},
  number        = {3},
  pages         = {1585--1597},
  publisher     = {Oxford University Press},
  title         = {{Coarse-grained modelling of the structural properties of DNA origami}},
  volume        = {47},
  year          = {2019}
}

@incollection{sparvath2017computer,
  title     = {Computer-aided design of RNA origami structures},
  author    = {Sparvath, Steffen L and Geary, Cody W and Andersen, Ebbe S},
  booktitle = {3D DNA Nanostructure},
  pages     = {51--80},
  year      = {2017},
  publisher = {Springer}
}

@article{Sulc2014,
  archiveprefix = {arXiv},
  arxivid       = {1403.4180},
  author        = {{\v{S}}ulc, Petr and Romano, Flavio and Ouldridge, Thomas E. and Doye, Jonathan P.K. and Louis, Ard A.},
  doi           = {10.1063/1.4881424},
  eprint        = {1403.4180},
  isbn          = {1089-7690 (Electronic)$\backslash$n0021-9606 (Linking)},
  issn          = {00219606},
  journal       = {Journal of Chemical Physics},
  number        = {23},
  pmid          = {24952569},
  title         = {{A nucleotide-level coarse-grained model of RNA}},
  volume        = {140},
  year          = {2014}
}

@article{Suma2019,
  title     = {Allosteric modulation of local reactivity in DNA origami},
  author    = {Suma, Antonio and Stopar, Alex and Nicholson, Allen W. and Castronovo, Matteo and Carnevale, Vincenzo},
  journal   = {BioRxiv},
  pages     = {640847},
  year      = {2019},
  publisher = {Cold Spring Harbor Laboratory}
}

@article{suma2019tacoxdna,
  author   = {Suma, Antonio and Poppleton, Erik and Matthies, Michael and Šulc, Petr and Romano, Flavio and Louis, Ard A. and Doye, Jonathan P. K. and Micheletti, Cristian and Rovigatti, Lorenzo},
  title    = {TacoxDNA: A user-friendly web server for simulations of complex DNA structures, from single strands to origami},
  journal  = {Journal of Computational Chemistry},
  year     = {2019},
  keywords = {“DNA input formats conversion”, “XYZ centerline, cadnano, Tiamat, CanDo and full atom conversion to oxDNA and full atom”, “oxDNA webserver” ■},
  doi      = {10.1002/jcc.26029},
  url      = {https://onlinelibrary.wiley.com/doi/abs/10.1002/jcc.26029}
}

@article{taco,
  title     = {TacoxDNA: A user-friendly web server for simulations of complex DNA structures, from single strands to origami},
  author    = {Suma, Antonio and Poppleton, Erik and Matthies, Michael and {\v{S}}ulc, Petr and Romano, Flavio and Louis, Ard A. and Doye, Jonathan P.K. and Micheletti, Cristian and Rovigatti, Lorenzo},
  journal   = {Journal of computational chemistry},
  volume    = {40},
  number    = {29},
  pages     = {2586--2595},
  year      = {2019},
  publisher = {Wiley Online Library}
}

@inproceedings{Tiamat,
  address   = {Berlin, Heidelberg},
  author    = {Williams, Sean and Lund, Kyle and Lin, Chenxiang and Wonka, Peter and Lindsay, Stuart and Yan, Hao},
  booktitle = {DNA Computing},
  editor    = {Goel, Ashish and Simmel, Friedrich C and Sos{\'{i}}k, Petr},
  isbn      = {978-3-642-03076-5},
  pages     = {90--101},
  publisher = {Springer Berlin Heidelberg},
  title     = {{Tiamat: A Three-Dimensional Editing Tool for Complex DNA Structures}},
  year      = {2009}
}

@article{tikhomirov2017fractal,
  title     = {Fractal assembly of micrometre-scale DNA origami arrays with arbitrary patterns},
  author    = {Tikhomirov, Grigory and Petersen, Philip and Qian, Lulu},
  journal   = {Nature},
  volume    = {552},
  number    = {7683},
  pages     = {67},
  year      = {2017},
  publisher = {Nature Publishing Group}
}

@article{veneziano2016designer,
  title     = {Designer nanoscale DNA assemblies programmed from the top down},
  author    = {Veneziano, R{\'e}mi and Ratanalert, Sakul and Zhang, Kaiming and Zhang, Fei and Yan, Hao and Chiu, Wah and Bathe, Mark},
  journal   = {Science},
  volume    = {352},
  number    = {6293},
  pages     = {1534--1534},
  year      = {2016},
  publisher = {American Association for the Advancement of Science}
}

@article{vHelix,
  author  = {Benson, Erik and Mohammed, Abdulmelik and Gardell, Johan and Masich, Sergej and Czeizler, Eugen and Orponen, Pekka and H{\"{o}}gberg, Bj{\"{o}}rn},
  doi     = {10.1038/nature14586},
  issn    = {14764687},
  journal = {Nature},
  number  = {7561},
  pages   = {441--444},
  title   = {{DNA rendering of polyhedral meshes at the nanoscale}},
  volume  = {523},
  year    = {2015}
}

@article{VMMC,
  archiveprefix = {arXiv},
  arxivid       = {cond-mat/0508100},
  author        = {Whitelam, Stephen and Geissler, Phillip L.},
  doi           = {10.1063/1.2790421},
  eprint        = {0508100},
  isbn          = {0021-9606},
  issn          = {00219606},
  journal       = {Journal of Chemical Physics},
  number        = {15},
  pmid          = {17949126},
  primaryclass  = {cond-mat},
  title         = {{Avoiding unphysical kinetic traps in Monte Carlo simulations of strongly attractive particles}},
  volume        = {127},
  year          = {2007}
}

@article{vsulc2012sequence,
  title     = {Sequence-dependent thermodynamics of a coarse-grained DNA model},
  author    = {{\v{S}}ulc, Petr and Romano, Flavio and Ouldridge, Thomas E. and Rovigatti, Lorenzo and Doye, Jonathan P.K. and Louis, Ard A.},
  journal   = {The Journal of chemical physics},
  volume    = {137},
  number    = {13},
  pages     = {135101},
  year      = {2012},
  publisher = {AIP}
}

@article{vsulc2014nucleotide,
  title     = {A nucleotide-level coarse-grained model of RNA},
  author    = {{\v{S}}ulc, Petr and Romano, Flavio and Ouldridge, Thomas E and Doye, Jonathan PK and Louis, Ard A},
  journal   = {The Journal of chemical physics},
  volume    = {140},
  number    = {23},
  pages     = {06B614\_1},
  year      = {2014},
  publisher = {AIP}
}
@article{vsulc2014simulating,
  title     = {Simulating a burnt-bridges DNA motor with a coarse-grained DNA model},
  author    = {{\v{S}}ulc, Petr and Ouldridge, Thomas E. and Romano, Flavio and Doye, Jonathan P.K. and Louis, Ard A.},
  journal   = {Natural Computing},
  volume    = {13},
  number    = {4},
  pages     = {535--547},
  year      = {2014},
  publisher = {Springer}
}

@article{wagenbauer2017gigadalton,
  title     = {Gigadalton-scale shape-programmable DNA assemblies},
  author    = {Wagenbauer, Klaus F and Sigl, Christian and Dietz, Hendrik},
  journal   = {Nature},
  volume    = {552},
  number    = {7683},
  pages     = {78},
  year      = {2017},
  publisher = {Nature Publishing Group}
}

@article{wang1961proving,
  title     = {Proving theorems by pattern recognition—II},
  author    = {Wang, Hao},
  journal   = {Bell system technical journal},
  volume    = {40},
  number    = {1},
  pages     = {1--41},
  year      = {1961},
  publisher = {Wiley Online Library}
}

@article{wei2012complex,
  title     = {Complex shapes self-assembled from single-stranded DNA tiles},
  author    = {Wei, Bryan and Dai, Mingjie and Yin, Peng},
  journal   = {Nature},
  volume    = {485},
  number    = {7400},
  pages     = {623},
  year      = {2012},
  publisher = {Nature Publishing Group}
}

@phdthesis{winfree1998algorithmic,
  title  = {Algorithmic self-assembly of DNA},
  author = {Winfree, Erik},
  year   = {1998},
  school = {California Institute of Technology}
}

@article{winfree1998design,
  title     = {Design and self-assembly of two-dimensional DNA crystals},
  author    = {Winfree, Erik and Liu, Furong and Wenzler, Lisa A and Seeman, Nadrian C},
  journal   = {Nature},
  volume    = {394},
  number    = {6693},
  pages     = {539},
  year      = {1998},
  publisher = {Nature Publishing Group}
}


@article{yan2003directed,
  title     = {Directed nucleation assembly of DNA tile complexes for barcode-patterned lattices},
  author    = {Yan, Hao and LaBean, Thomas H and Feng, Liping and Reif, John H},
  journal   = {Proceedings of the National Academy of Sciences},
  volume    = {100},
  number    = {14},
  pages     = {8103--8108},
  year      = {2003},
  publisher = {National Acad Sciences}
}

@article{yoo2013situ,
  title     = {In situ structure and dynamics of DNA origami determined through molecular dynamics simulations},
  author    = {Yoo, Jejoong and Aksimentiev, Aleksei},
  journal   = {Proceedings of the National Academy of Sciences},
  volume    = {110},
  number    = {50},
  pages     = {20099--20104},
  year      = {2013},
  publisher = {National Acad Sciences}
}

@article{Young1938,
  author  = {Young, Gale and Householder, A. S.},
  doi     = {10.1007/BF02287916},
  issn    = {00333123},
  journal = {Psychometrika},
  number  = {1},
  pages   = {19--22},
  title   = {{Discussion of a set of points in terms of their mutual distances}},
  volume  = {3},
  year    = {1938}
}


@article{zadegan2012smallbox,
  title     = {Construction of a 4 zeptoliters switchable 3D DNA box origami},
  author    = {Zadegan, Reza M and Jepsen, Mette DE and Thomsen, Karen E and Okholm, Anders H and Schaffert, David H and Andersen, Ebbe S and Birkedal, Victoria and Kjems, J{\o}rgen},
  journal   = {ACS nano},
  volume    = {6},
  number    = {11},
  pages     = {10050--10053},
  year      = {2012},
  publisher = {ACS Publications}
}

@article{zhang2009arithmetic,
  title     = {Arithmetic computation using self-assembly of DNA tiles: subtraction and division},
  author    = {Zhang, Xuncai and Wang, Yanfeng and Chen, Zhihua and Xu, Jin and Cui, Guangzhao},
  journal   = {Progress in Natural Science},
  volume    = {19},
  number    = {3},
  pages     = {377--388},
  year      = {2009},
  publisher = {Elsevier}
}



